%% bibliografia no formato bibtex

@article{bock2015use,
  title={Use of the functional movement screen in a tactical population: a review},
  author={Bock, Clare and Orr, Robin M},
  journal={Journal of Military and Veterans Health},
  volume={23},
  number={2},
  pages={33--42},
  year={2015},
  publisher={Department of Defence Canberra}
}

@article{cook2006pre,
  title={Pre-participation screening: the use of fundamental movements as an assessment of function--part 1},
  author={Cook, Gray and Burton, Lee and Hoogenboom, Barb},
  journal={North American journal of sports physical therapy: NAJSPT},
  volume={1},
  number={2},
  pages={62},
  year={2006},
  publisher={The Sports Physical Therapy Section of the American Physical Therapy Association}
}

@article{gribble2013intrarater,
  title={Intrarater reliability of the functional movement screen},
  author={Gribble, Phillip A and Brigle, Jill and Pietrosimone, Brian G and Pfile, Kate R and Webster, Kathryn A},
  journal={The Journal of Strength \& Conditioning Research},
  volume={27},
  number={4},
  pages={978--981},
  year={2013},
  publisher={LWW}
}

@article{orr2019impact,
  title={Impact of various clothing variations on firefighter mobility: A pilot study},
  author={Orr, Robin and Simas, Vini and Canetti, Elisa and Maupin, Daniel and Schram, Ben},
  journal={Safety},
  volume={5},
  number={4},
  pages={78},
  year={2019},
  publisher={Mdpi}
}

@article{teyhen2012functional,
  title={The functional movement screen: a reliability study},
  author={Teyhen, Deydre S and Shaffer, Scott W and Lorenson, Chelsea L and Halfpap, Joshua P and Donofry, Dustin F and Walker, Michael J and Dugan, Jessica L and Childs, John D},
  journal={Journal of orthopaedic \& sports physical therapy},
  volume={42},
  number={6},
  pages={530--540},
  year={2012},
  publisher={JOSPT, Inc. JOSPT, 1033 North Fairfax Street, Suite 304, Alexandria, VA~…}
}

@misc{esp32,
 author = "{Espressif Systems}",
 title = "{ESP32: Wi-Fi and Bluetooth SoC}",
 year = "2024",
 url = "https://www.espressif.com/en/products/socs/esp32",
 note = "Accessed: 2025-01-26" }

@book{giusto2010internet,
  title={The internet of things: 20th Tyrrhenian workshop on digital communications},
  author={Giusto, Daniel and Iera, Antonio and Morabito, Giacomo and Atzori, Luigi},
  year={2010},
  publisher={Springer Science \& Business Media}
}

@article{atzori2010internet,
  title={The internet of things: A survey},
  author={Atzori, Luigi and Iera, Antonio and Morabito, Giacomo},
  journal={Computer networks},
  volume={54},
  number={15},
  pages={2787--2805},
  year={2010},
  publisher={Elsevier}
}

@article{gubbi2013internet,
  title={Internet of Things (IoT): A vision, architectural elements, and future directions},
  author={Gubbi, Jayavardhana and Buyya, Rajkumar and Marusic, Slaven and Palaniswami, Marimuthu},
  journal={Future generation computer systems},
  volume={29},
  number={7},
  pages={1645--1660},
  year={2013},
  publisher={Elsevier}
}


@article{sheldon1996use,
  title={The use and interpretation of the Friedman test in the analysis of ordinal-scale data in repeated measures designs},
  author={Sheldon, Michael R and Fillyaw, Michael J and Thompson, W Douglas},
  journal={Physiotherapy Research International},
  volume={1},
  number={4},
  pages={221--228},
  year={1996},
  publisher={Wiley Online Library}
}

@article{hilton1996appropriateness,
  title={The appropriateness of the Wilcoxon test in ordinal data},
  author={HILTON, JOAN F},
  journal={Statistics in medicine},
  volume={15},
  number={6},
  pages={631--645},
  year={1996},
  publisher={Wiley Online Library}
}

@techreport{relMML,
  author = "{Corpo de Bombeiros Militar de Santa Catarina}",
shortauthor = "{CBMSC}",
  title = "{Teste EPI Multimissão Leve}",
  institution = {CBMSC},
  year = {2023},
  address = "{Florianópolis}",
number = {1},
  type = "{Relatório Técnico}"
}

@techreport{descritivoMML,
  author = "{Corpo de Bombeiros Militar de Santa Catarina}", 
shortauthor = "{CBMSC}",
title = "{Descritivo EPI Vestuário BTR CBMSC}",
  year = {2023},
  address = {Florianópolis},
    number = {2},
  institution = {CBMSC},
  type = "{Relatório Técnico}"
}

@misc{res16,
  title     = "{Resolução nº 16, de 7 de junho de 2023}",
  author    = "{Corpo de Bombeiros Militar de Santa Catarina}",
shortauthor = "{CBMSC}",
  year      = {2023}
}

@article{Melina2023,
  author    = {Cauduro, Melina},
  title     = {Lean Innovation no Resgate Veicular do CBMSC: o desenvolvimento do EPI Multimissão},
  journal   = {CBMSC - Corpo de Bombeiros Militar de Santa Catarina},
  year      = {2023}
}

@standard{ISO42010,
  title        = "{ISO/IEC/IEEE 42010:2011 - Systems and software engineering — Architecture description}",
  shortauthor = "{ISO/IEC/IEEE}",
  author       = "{International Organization for Standardization and International Electrotechnical Commission and Institute of Electrical and Electronics Engineers}",
  year         = {2011},
  publisher    = "{ISO/IEC/IEEE}",
  note         = "Available at: https://www.iso.org/standard/50508.html",
  organization = "{ISO/IEC/IEEE}"
}
